@article{dodis2017provable,
  title={Provable Security of Substitution-Permutation Networks.},
  author={Dodis, Yevgeniy and Katz, Jonathan and Steinberger, John P and Thiruvengadam, Aishwarya and Zhang, Zhe},
  journal={IACR Cryptology ePrint Archive},
  volume={2017},
  pages={16},
  year={2017}
};

@inproceedings{guo2018revisiting,
  title={Revisiting key-alternating Feistel ciphers for shorter keys and multi-user security},
  author={Guo, Chun and Wang, Lei},
  booktitle={International Conference on the Theory and Application of Cryptology and Information Security},
  pages={213--243},
  year={2018},
  organization={Springer}
};

@article{cogliati2018wide,
  title={Wide Tweakable Block Ciphers Based on Substitution-Permutation Networks: Security Beyond the Birthday Bound.},
  author={Cogliati, Beno{\^\i}t and Lee, Jooyoung},
  journal={IACR Cryptology ePrint Archive},
  volume={2018},
  pages={488},
  year={2018}
};

@article{miles2015substitution,
  title={Substitution-permutation networks, pseudorandom functions, and natural proofs},
  author={Miles, Eric and Viola, Emanuele},
  journal={Journal of the ACM (JACM)},
  volume={62},
  number={6},
  pages={1--29},
  year={2015},
  publisher={ACM New York, NY, USA}
};

@phdthesis{daemen1995cipher,
  title={Cipher and hash function design strategies based on linear and differential cryptanalysis},
  author={Daemen, Joan},
  year={1995},
  school={Doctoral Dissertation, March 1995, KU Leuven}
};

@inproceedings{cogliati2015tweaking,
  title={Tweaking even-mansour ciphers},
  author={Cogliati, Beno{\^\i}t and Lampe, Rodolphe and Seurin, Yannick},
  booktitle={Annual Cryptology Conference},
  pages={189--208},
  year={2015},
  organization={Springer}
};

@inproceedings{cogliati2015beyond,
  title={Beyond-birthday-bound security for tweakable Even-Mansour ciphers with linear tweak and key mixing},
  author={Cogliati, Beno{\^\i}t and Seurin, Yannick},
  booktitle={International Conference on the Theory and Application of Cryptology and Information Security},
  pages={134--158},
  year={2015},
  organization={Springer}
};

@inproceedings{hoang2016key,
  title={Key-alternating ciphers and key-length extension: exact bounds and multi-user security},
  author={Hoang, Viet Tung and Tessaro, Stefano},
  booktitle={Annual International Cryptology Conference},
  pages={3--32},
  year={2016},
  organization={Springer}
}



@article{DESDesign,
	title="{Data Encryption Standard (DES)}",
	author={National Bureau of Standards},
	journal={Federal Information Processing Standards Publication 46},
	year={1977}
}


@article{GOSTDesign,
	title="{Government Committee of the USSR for Standards. GOST, Gosudarstvennyi Standard
	28147-89, Cryptographic Protection for Data Processing Systems}",
	author={},
	year={1989}
}



@misc{ISOIEC-18033-3:2010,
	author = {},
	title = "{ISO/IEC 18033-3:2010. Information technology -- Security techniques -- Encryption algorithms -- Part 3: Block ciphers}",
	year = {2016},
	url       = {https://www.iso.org/standard/54531.html},
}


@misc{ISOIEC-29192-2:2012,
	author = {},
	title = "{ISO/IEC 29192-2:2012. Information technology -- Security techniques -- Lightweight cryptography -- Part 2: Block ciphers}",
	year = {2017},
	url       = {https://www.iso.org/standard/56552.html},
}



@book{AESDesign,
	title="{The Design of Rijndael: AES - the Advanced Encryption Standard}",
	publisher={Springer},
	year={2002},
	author={Daemen, Joan and Rijmen, Vincent}
}




@article{serpentProposal,
	title="{Serpent: A Proposal for the Advanced Encryption Standard}",
	author={Anderson, Ross and Biham, Eli and Knudsen, Lars},
	journal={NIST AES Proposal},
	volume={174},
	year={1998}
}




@article{DBLP:journals/siamcomp/LubyR88,
	author    = {Michael Luby and
	Charles Rackoff},
	title     = "{How to Construct Pseudorandom Permutations from Pseudorandom Functions}",
	journal   = {{SIAM} J. Comput.},
	volume    = {17},
	number    = {2},
	pages     = {373--386},
	year      = {1988},
}


@incollection{DBLP:reference/crypt/Biryukov11aa,
	author    = {Alex Biryukov},
	title     = "{Substitution-Permutation {(SP)} Network}",
	booktitle = {Encyclopedia of Cryptography and Security, 2nd Ed},
	pages     = {1268},
	year      = {2011},
	crossref  = {DBLP:reference/crypt/2011},
	url       = {https://doi.org/10.1007/978-1-4419-5906-5\_619},
	doi       = {10.1007/978-1-4419-5906-5\_619},
	timestamp = {Wed, 12 Jul 2017 09:11:27 +0200},
	biburl    = {https://dblp.org/rec/reference/crypt/Biryukov11aa.bib},
	bibsource = {dblp computer science bibliography, https://dblp.org}
}

