%------------------------------------------------------------------
%  Name conventions by example
%
%  Single author papers:
%
%   author = "Adi Shamir"
%   year = 1987                               ==>  Shamir87
%
%  Papers with two authors:
%
%   author = "Mihir Bellare and Phillip Rogaway"
%   year = 1993                               ==>  BeRo93
%
%  Papers with three or more authors:
%
%   author = "Michel Abdalla and Sara Miner and Chanathip Namprempre
%   year = 2001                               ==>  AMN01
%
%------------------------------------------------------------------

%------------------------------------------------------------------
%  The varibale "shortbib" allows you to choose between short and
%  long references. You should set it as follows:
%
%  shortbib = 0  ==> Long  references (e.g. Lecture Notes in Computer Science)
%  shortbib = 1  ==> Short references (e.g. LNCS)
%
%------------------------------------------------------------------


%------------------------------------------------------------------
%  List of references with same short and long versions of name
%------------------------------------------------------------------

@preamble{"\def\shortbib{0}"}
@string{acsac   = "Annual Computer Security Applications Conference"}
@string{infocom = "{IEEE} {INFOCOM}"}
@string{globecom = "{IEEE} Global Telecommunication Conference"}
@string{spw   = "Security Protocols Workshop"}

@string{acmtcs = "{ACM} Transactions on Computer Systems"}
@string{bltj    = "Bell Labs Technical Journal"}
@string{pieee   = "Proceedings of the {IEEE}" }
@string{sidm    = "{SIAM} Journal on Discrete Math."}
@string{ieeetse = "{IEEE} Transactions on Software Engineering and Methodology" }
@string{tosem = ieeetse}
@string{ieeepc = "{IEEE} Personal Communications"}
@string{ieeecl = "{IEEE} Communications Letters"}
@string{ieeesoft = "{IEEE} Software"}
@string{orlet = "Operations Research Letters"}
@string{tcs     = "Theoretical Computer Science" }
@string{siamdm  = "{SIAM} Journal on Discrete Mathematics"}
@string{dm     = "Discrete Mathematics"}
@string{ejor   = "European Journal of Operational Research"}
@string{jise   = "Journal of Information Science and Engineering"}
@string{ta     = "To appear"}
@string{ieeecompsoc = "{IEEE} Computer Society"}

@string{ieee = {IEEE}}
@string{com  = "{IEEE} Communications Magazine"}
@string{netmag  = "{IEEE} Network Magazine"}
@string{net  = netmag}
@string{isdn = "Computer Networks and {ISDN} Systems"}
@string{cacm = "Communications of the ACM"}
@string{comrev = "{ACM} Computer Communication Review"}
@string{perscomm = "Personal Communication"}
@string{perf = "Performance Evaluation"}
@string{bell = "Bell Systems Technical Journal"}
@string{springer = "Springer"}
@string{plenumpress = "Plenum Press"}
@string{ucsb-ece = "U.C. Santa Barbara, Dept.\ of Elec.\ and Computer Engineering"}

@string{sigcomm = "Proceedings of {ACM} {SIGCOMM}"}
@string{struct = "Proceedings of Structures in Complexity Theory"}
@string{siamjc = "{SIAM} Journal on Computing"}
@string{sicomp  = siamjc}
@string{transcomp = "{IEEE} Transactions on Computer"}
@string{tcomm = "{IEEE} Transactions on Communications"}
@string{transcom  = tcomm}
@string{ieeetcs = "{IEEE} Transactions on Circuits and Systems"}
@string{ton = "{IEEE/ACM} Transactions on Networking"}
@string{netw = ton}
@string{acmtiss = "{ACM} Trans.\ Information and System Security"}
@string{acmosr = "{ACM SIGOPS} Operating Systems Review"}
@string{jcrypto = "Journal of Cryptology"}
@string{jcrypt = jcrypto}
@string{infth = "{IEEE} Trans.\ Information Theory"}
@string{jacm = "J. {ACM}"}
@string{jcss = "J.\ Computer and System Sciences"}
@string{ijns = "International Journal of Network Security"}
@string{ijwmc = "International Journal of Wireless and Mobile Computing"}
@string{ipl = "Information Processing Letters"}
@string{ieeetpds = "{IEEE} Transactions on Parallel and Distributed Systems" }

@string{icitsname =             "Intl.\ Conference on Information Theoretic Security (ICITS)"}
@string{icitspub =              springer}
@string{icits15name =           "8th " # icitsname}


@string{latincryptpub =              springer}
@string{latincryptname =        "Progress in Cryptology---{Latincrypt}"}
@string{latincrypt15name =      latincryptname # "~2015"}


%------------------------------------------------------------------
%  List of references with different short and long versions of name
%------------------------------------------------------------------

@string{acm =
"\ifnum\shortbib=1{{ACM}}\else{Association for Computing Machinery}\fi"}
@string{dcca  =
"\ifnum\shortbib=1{{DCCA}}\else{Conference on Dependable Computing for Critical
 Applications (DCCA)}\fi"}
@string{toplas =
"\ifnum\shortbib=1{{ACM} Transactions on Programming Languages and Systems}\else{{ACM} TOPLAS}\fi"}
@string{jsac =
"\ifnum\shortbib=1{{IEEE} {JSAC}}\else{{IEEE} J. Selected Areas in
 Communications}\fi"}
@string{mylncs =
 "\ifnum\shortbib=1{{LNCS}}\else{LNCS}\fi"}

% @string{lncs = "Lecture Notes in Computer Science"}

%------------------------------------------------------------------
%                           ACISP
%------------------------------------------------------------------

@string{acispname = "\ifnum\shortbib=1{}\else{Australasian Conference on Information Security and Privacy}\fi"}
@string{acisppub = springer}

@string{acisp96name  = "ACISP 96\ifnum\shortbib=0{: 1st }\fi" # acispname}
@string{acisp97name  = "ACISP 97\ifnum\shortbib=0{: 2nd }\fi" # acispname}
@string{acisp98name  = "ACISP 98\ifnum\shortbib=0{: 3rd }\fi" # acispname}
@string{acisp99name  = "ACISP 99\ifnum\shortbib=0{: 4th }\fi" # acispname}
@string{acisp00name  = "ACISP 00\ifnum\shortbib=0{: 5th }\fi" # acispname}
@string{acisp01name  = "ACISP 01\ifnum\shortbib=0{: 6th }\fi" # acispname}
@string{acisp02name  = "ACISP 02\ifnum\shortbib=0{: 7th }\fi" # acispname}
@string{acisp03name  = "ACISP 03\ifnum\shortbib=0{: 8th }\fi" # acispname}
@string{acisp04name  = "ACISP 04\ifnum\shortbib=0{: 9th }\fi" # acispname}
@string{acisp05name  = "ACISP 05\ifnum\shortbib=0{: 10th }\fi" # acispname}
@string{acisp06name  = "ACISP 06\ifnum\shortbib=0{: 11th }\fi" # acispname}
@string{acisp07name  = "ACISP 07\ifnum\shortbib=0{: 12th }\fi" # acispname}
@string{acisp08name  = "ACISP 08\ifnum\shortbib=0{: 13th }\fi" # acispname}
@string{acisp09name  = "ACISP 09\ifnum\shortbib=0{: 14th }\fi" # acispname}
@string{acisp10name  = "ACISP 10\ifnum\shortbib=0{: 15th }\fi" # acispname}

%------------------------------------------------------------------
%                           SAC
%------------------------------------------------------------------

@string{sacname = "\ifnum\shortbib=0{Annual International Workshop on Selected Areas in Cryptography (SAC)}\fi"}
@string{sacpub = springer}

@string{sac94name  = sacname}
@string{sac95name  = sacname}
@string{sac96name  = sacname}
@string{sac97name  = sacname}
@string{sac98name  = sacname}
@string{sac99name  = sacname}
@string{sac00name  = sacname}
@string{sac01name  = sacname}
@string{sac02name  = sacname}
@string{sac03name  = sacname}
@string{sac04name  = sacname}
@string{sac05name  = sacname}
@string{sac06name  = sacname}
@string{sac07name  = sacname}
@string{sac08name  = sacname}
@string{sac09name  = sacname}
@string{sac10name  = sacname}
@string{sac11name  = sacname}
@string{sac12name  = sacname}
@string{sac13name  = sacname}
@string{sac14name  = sacname}
@string{sac15name  = sacname}
@string{sac16name  = sacname}
@string{sac17name  = sacname}
@string{sac18name  = sacname}
@string{sac19name  = sacname}

%------------------------------------------------------------------
%                           ACNS
%------------------------------------------------------------------

@string{acnsname = "\ifnum\shortbib=0{Intl.\ Conference on Applied Cryptography and Network Security (ACNS)}\else{ACNS}\fi"}
@string{acnspub = springer}


@string{acns03name  = acnsname}
@string{acns04name  = acnsname}
@string{acns05name  = acnsname}
@string{acns06name  = acnsname}
@string{acns07name  = acnsname}
@string{acns08name  = acnsname}
@string{acns09name  = acnsname}
@string{acns10name  = acnsname}
@string{acns11name  = acnsname}
@string{acns12name  = acnsname}
@string{acns13name  = acnsname}
@string{acns14name  = acnsname}
@string{acns15name  = acnsname}
@string{acns16name  = acnsname}
@string{acns17name  = acnsname}
@string{acns18name  = acnsname}
@string{acns19name  = acnsname}

%------------------------------------------------------------------
%                           CANS
%------------------------------------------------------------------

@string{cansname = "\ifnum\shortbib=0{International Conference on Cryptology and Network Security}\fi"}
@string{canspub = springer}


@string{cans05name  = "CANS 05\ifnum\shortbib=0{: 4th }\fi" # cansname}
@string{cans06name  = "CANS 06\ifnum\shortbib=0{: 5th }\fi" # cansname}
@string{cans07name  = "CANS 07\ifnum\shortbib=0{: 6th }\fi" # cansname}
@string{cans08name  = "CANS 08\ifnum\shortbib=0{: 7th }\fi" # cansname}
@string{cans09name  = "Cryptology and Network Security (CANS~'09)"}
@string{cans10name  = "CANS 10\ifnum\shortbib=0{: 9th }\fi" # cansname}


%------------------------------------------------------------------
%                           ICALP
%------------------------------------------------------------------

@string{icalpname = "\ifnum\shortbib=0{Intl.\ Colloquium on Automata, Languages, and Programming (ICALP)}\fi"}
@string{icalppub = springer}

@string{icalp72name  = icalpname}
@string{icalp73name  = icalpname}
@string{icalp74name  = icalpname}
@string{icalp75name  = icalpname}
@string{icalp76name  = icalpname}
@string{icalp77name  = icalpname}
@string{icalp78name  = icalpname}
@string{icalp79name  = icalpname}
@string{icalp80name  = icalpname}
@string{icalp81name  = icalpname}
@string{icalp82name  = icalpname}
@string{icalp83name  = icalpname}
@string{icalp84name  = icalpname}
@string{icalp85name  = icalpname}
@string{icalp86name  = icalpname}
@string{icalp87name  = icalpname}
@string{icalp88name  = icalpname}
@string{icalp89name  = icalpname}
@string{icalp90name  = icalpname}
@string{icalp91name  = icalpname}
@string{icalp92name  = icalpname}
@string{icalp93name  = icalpname}
@string{icalp94name  = icalpname}
@string{icalp95name  = icalpname}
@string{icalp96name  = icalpname}
@string{icalp97name  = icalpname}
@string{icalp98name  = icalpname}
@string{icalp99name  = icalpname}
@string{icalp00name  = icalpname}
@string{icalp01name  = icalpname}
@string{icalp02name  = icalpname}
@string{icalp03name  = icalpname}
@string{icalp04name  = icalpname}
@string{icalp05name  = icalpname}
@string{icalp06name  = icalpname}
@string{icalp06name1  = icalpname}
@string{icalp06name2  = icalpname}
@string{icalp07name  = icalpname}
@string{icalp07name1  = icalpname}
@string{icalp07name2  = icalpname}
@string{icalp08name  = icalpname}
@string{icalp08name1  = icalpname}
@string{icalp08name2  = icalpname}
@string{icalp09name  = icalpname}
@string{icalp09name1  = icalpname}
@string{icalp09name2  = icalpname}
@string{icalp10name  = icalpname}
@string{icalp10name1  = icalpname}
@string{icalp10name2  = icalpname}
@string{icalp11name  = icalpname}
@string{icalp11name1  = icalpname}
@string{icalp11name2  = icalpname}
@string{icalp12name  = icalpname}
@string{icalp12name1  = icalpname}
@string{icalp12name2  = icalpname}
@string{icalp13name  = icalpname}
@string{icalp13name1  = icalpname}
@string{icalp13name2  = icalpname}
@string{icalp14name  = icalpname}
@string{icalp14name1  = icalpname}
@string{icalp14name2  = icalpname}
@string{icalp15name  = icalpname}
@string{icalp15name1  = icalpname}
@string{icalp15name2  = icalpname}
@string{icalp16name  = icalpname}
@string{icalp16name1  = icalpname}
@string{icalp16name2  = icalpname}
@string{icalp17name  = icalpname}
@string{icalp17name1  = icalpname}
@string{icalp17name2  = icalpname}
@string{icalp18name  = icalpname}
@string{icalp18name1  = icalpname}
@string{icalp18name2  = icalpname}

%------------------------------------------------------------------
%                           ICICS
%------------------------------------------------------------------

@string{icicsname = "\ifnum\shortbib=1{}\else{International Conference
on Information and Communication Security}\fi"}
@string{icicspub = springer}

@string{icics97name  = "ICICS 97\ifnum\shortbib=0{: 1st }\fi" # icicsname}
@string{icics99name  = "ICICS 99\ifnum\shortbib=0{: 2nd }\fi" # icicsname}
@string{icics01name  = "ICICS 01\ifnum\shortbib=0{: 3rd }\fi" # icicsname}
@string{icics02name  = "ICICS 02\ifnum\shortbib=0{: 4th }\fi" # icicsname}
@string{icics03name  = "ICICS 03\ifnum\shortbib=0{: 5th }\fi" # icicsname}
@string{icics04name  = "ICICS 04\ifnum\shortbib=0{: 6th }\fi" # icicsname}
@string{icics05name  = "ICICS 05\ifnum\shortbib=0{: 7th }\fi" # icicsname}
@string{icics06name  = "ICICS 06\ifnum\shortbib=0{: 8th }\fi" # icicsname}
@string{icics07name  = "ICICS 07\ifnum\shortbib=0{: 9th }\fi" # icicsname}
@string{icics08name  = "ICICS 08\ifnum\shortbib=0{: 10th }\fi" # icicsname}
@string{icics09name  = "ICICS 09\ifnum\shortbib=0{: 11th }\fi" # icicsname}
@string{icics10name  = "ICICS 10\ifnum\shortbib=0{: 12th }\fi" # icicsname}


%------------------------------------------------------------------
%                           ICISC
%------------------------------------------------------------------

@string{iciscname = "\ifnum\shortbib=1{}\else{Intl.\ Conf.\
on Information Security and Cryptology (ICISC)}\fi"}
@string{iciscpub = springer}


@string{icisc98name  = "ICISC 98\ifnum\shortbib=0{: 1st }\fi" # iciscname}
@string{icisc99name  = "ICISC 99\ifnum\shortbib=0{: 2nd }\fi" # iciscname}
@string{icisc00name  = "ICISC 00\ifnum\shortbib=0{: 3rd }\fi" # iciscname}
@string{icisc01name  = "ICISC 01\ifnum\shortbib=0{: 4th }\fi" # iciscname}
@string{icisc02name  = "ICISC 02\ifnum\shortbib=0{: 5th }\fi" # iciscname}
@string{icisc03name  = "ICISC 03\ifnum\shortbib=0{: 6th }\fi" # iciscname}
@string{icisc04name  = "ICISC 04\ifnum\shortbib=0{: 7th }\fi" # iciscname}
@string{icisc05name  = "ICISC 05\ifnum\shortbib=0{: 8th }\fi" # iciscname}
@string{icisc06name  = "ICISC 06\ifnum\shortbib=0{: 9th }\fi" # iciscname}
@string{icisc07name  = "ICISC 07\ifnum\shortbib=0{: 10th }\fi" # iciscname}
@string{icisc08name  = "\ifnum\shortbib=0{11th }\fi" # iciscname}
@string{icisc09name  = "ICISC 09\ifnum\shortbib=0{: 12th }\fi" # iciscname}
@string{icisc10name  = "ICISC 10\ifnum\shortbib=0{: 13th }\fi" # iciscname}

%------------------------------------------------------------------
%                           ISC
%------------------------------------------------------------------

@string{iscname_v1 = "\ifnum\shortbib=1{}\else{International Workshop
                      on Information Security}\fi"}
@string{iscname_v2 = "\ifnum\shortbib=1{}\else{International Conference
                      on Information Security}\fi"}
@string{iscpub = springer}

@string{isc97name  = "ISW'97\ifnum\shortbib=0{: 1st }\fi" # iscname_v1}
@string{isc99name  = "ISW'99\ifnum\shortbib=0{: 2nd }\fi" # iscname_v1}
@string{isc00name  = "ISW~2000\ifnum\shortbib=0{: 3rd }\fi" # iscname_v1}
@string{isc01name  = "ISC~2001\ifnum\shortbib=0{: 4th }\fi" # iscname_v2}
@string{isc02name  = "ISC~2002\ifnum\shortbib=0{: 5th }\fi" # iscname_v2}
@string{isc03name  = "ISC~2003\ifnum\shortbib=0{: 6th }\fi" # iscname_v2}
@string{isc04name  = "ISC~2004\ifnum\shortbib=0{: 7th }\fi" # iscname_v2}
@string{isc05name  = "ISC~2005\ifnum\shortbib=0{: 8th }\fi" # iscname_v2}
@string{isc06name  = "ISC~2006\ifnum\shortbib=0{: 9th }\fi" # iscname_v2}
@string{isc07name  = "ISC~2007\ifnum\shortbib=0{: 10th }\fi" # iscname_v2}
@string{isc08name  = "ISC~2008\ifnum\shortbib=0{: 11th }\fi" # iscname_v2}
@string{isc09name  = "ISC~2009\ifnum\shortbib=0{: 12th }\fi" # iscname_v2}
@string{isc10name  = "ISC~2010\ifnum\shortbib=0{: 13th }\fi" # iscname_v2}

%------------------------------------------------------------------
%                           ICCSA
%------------------------------------------------------------------

@string{iccsaname = "\ifnum\shortbib=1{}\else{Computational Science and Its Applications}\fi"}
@string{iccsapub = springer}

@string{iccsa03name1  = "ICCSA 03\ifnum\shortbib=0{: 1st }\fi" # iccsaname # ", Part I"}
@string{iccsa03name2  = "ICCSA 03\ifnum\shortbib=0{: 1st }\fi" # iccsaname # ", Part II"}
@string{iccsa03name3  = "ICCSA 03\ifnum\shortbib=0{: 1st }\fi" # iccsaname # ", Part III"}
@string{iccsa04name1  = "ICCSA 04\ifnum\shortbib=0{: 2nd }\fi" # iccsaname # ", Part I"}
@string{iccsa04name2  = "ICCSA 04\ifnum\shortbib=0{: 2nd }\fi" # iccsaname # ", Part II"}
@string{iccsa04name3  = "ICCSA 04\ifnum\shortbib=0{: 2nd }\fi" # iccsaname # ", Part III"}
@string{iccsa04name4  = "ICCSA 04\ifnum\shortbib=0{: 2nd }\fi" # iccsaname # ", Part IV"}
@string{iccsa05name1  = "ICCSA 05\ifnum\shortbib=0{: 3rd }\fi" # iccsaname # ", Part I"}
@string{iccsa05name2  = "ICCSA 05\ifnum\shortbib=0{: 3rd }\fi" # iccsaname # ", Part II"}
@string{iccsa05name3  = "ICCSA 05\ifnum\shortbib=0{: 3rd }\fi" # iccsaname # ", Part III"}
@string{iccsa05name4  = "ICCSA 05\ifnum\shortbib=0{: 3rd }\fi" # iccsaname # ", Part IV"}
@string{iccsa06name1  = "ICCSA 06\ifnum\shortbib=0{: 4th }\fi" # iccsaname # ", Part I"}
@string{iccsa06name2  = "ICCSA 06\ifnum\shortbib=0{: 4th }\fi" # iccsaname # ", Part II"}
@string{iccsa06name3  = "ICCSA 06\ifnum\shortbib=0{: 4th }\fi" # iccsaname # ", Part III"}
@string{iccsa06name4  = "ICCSA 06\ifnum\shortbib=0{: 4th }\fi" # iccsaname # ", Part IV"}
@string{iccsa06name5  = "ICCSA 06\ifnum\shortbib=0{: 4th }\fi" # iccsaname # ", Part V"}
@string{iccsa07name1  = "ICCSA 07\ifnum\shortbib=0{: 5th }\fi" # iccsaname # ", Part I"}
@string{iccsa07name2  = "ICCSA 07\ifnum\shortbib=0{: 5th }\fi" # iccsaname # ", Part II"}
@string{iccsa07name3  = "ICCSA 07\ifnum\shortbib=0{: 5th }\fi" # iccsaname # ", Part III"}



%------------------------------------------------------------------
%                           WISA
%------------------------------------------------------------------

@string{wisaname = "\ifnum\shortbib=0{International Workshop on Information Security Applications}\fi"}
@string{wisapub = springer}

@string{wisa03name  = "WISA 03\ifnum\shortbib=0{: 4th }\fi" # wisaname}
@string{wisa04name  = "WISA 04\ifnum\shortbib=0{: 5th }\fi" # wisaname}
@string{wisa05name  = "WISA 05\ifnum\shortbib=0{: 6th }\fi" # wisaname}
@string{wisa06name  = "WISA 06\ifnum\shortbib=0{: 7th }\fi" # wisaname}
@string{wisa07name  = "WISA 07\ifnum\shortbib=0{: 8th }\fi" # wisaname}
@string{wisa08name  = "WISA 08\ifnum\shortbib=0{: 9th }\fi" # wisaname}
@string{wisa09name  = "WISA 09\ifnum\shortbib=0{: 10th }\fi" # wisaname}
@string{wisa10name  = "WISA 10\ifnum\shortbib=0{: 11th }\fi" # wisaname}

%------------------------------------------------------------------
%                           IWSEC
%------------------------------------------------------------------

@string{iwsecname = "\ifnum\shortbib=0{International Workshop on Security,
Advances in Information and Computer Security}\fi"}
@string{iwsecpub = springer}

@string{iwsec06name  = "IWSEC 06\ifnum\shortbib=0{: 1st }\fi" # iwsecname}
@string{iwsec07name  = "IWSEC 07\ifnum\shortbib=0{: 2nd }\fi" # iwsecname}
@string{iwsec08name  = "IWSEC 08\ifnum\shortbib=0{: 3rd }\fi" # iwsecname}
@string{iwsec09name  = "IWSEC 09\ifnum\shortbib=0{: 4th }\fi" # iwsecname}
@string{iwsec10name  = "IWSEC 10\ifnum\shortbib=0{: 5th }\fi" # iwsecname}

%------------------------------------------------------------------
%                           TCC
%------------------------------------------------------------------

@string{tccname = "\ifnum\shortbib=1{TCC}\else{Theory of Cryptography Conference}\fi"}
@string{tccpub = springer}

@string{tcc04name  = tccname}
@string{tcc05name  = tccname}
@string{tcc06name  = tccname}
@string{tcc07name  = tccname}
@string{tcc08name  = tccname}
@string{tcc09name  = tccname}
@string{tcc10name  = tccname}
@string{tcc11name  = tccname}
@string{tcc12name  = tccname#"~2012"}
@string{tcc13name  = tccname}
@string{tcc14name  = tccname}
@string{tcc15name  = tccname}
@string{tcc16name  = tccname}
@string{tcc17name  = tccname}
@string{tcc18name  = tccname}
@string{tcc19name  = tccname}

@string{tcc04vol  = "2951"}
@string{tcc05vol  = "3378"}
@string{tcc06vol  = "3876"}
@string{tcc07vol  = "4392"}
@string{tcc08vol  = "4948"}
@string{tcc09vol  = "5444"}
@string{tcc10vol  = "5978"}
@string{tcc11vol  = "6597"}
@string{tcc12vol  = "7194"}
@string{tcc13vol  = "7785"}
@string{tcc14vol  = "8349"}

%------------------------------------------------------------------
%                          Crypto
%------------------------------------------------------------------

@string{cryptoname =
 "\ifnum\shortbib=1{Crypto }\else{Advances in Cryptology---Crypto}\fi"}
@string{cryptopub = ""}

@string{crypto81name  = cryptoname}
@string{crypto82name  = cryptoname}
@string{crypto83name  = cryptoname}
@string{crypto84name  = cryptoname}
@string{crypto85name  = cryptoname}
@string{crypto86name  = cryptoname}
@string{crypto87name  = cryptoname}
@string{crypto88name  = cryptoname}
@string{crypto89name  = cryptoname}
@string{crypto90name  = cryptoname}
@string{crypto91name  = cryptoname}
@string{crypto92name  = cryptoname}
@string{crypto93name  = cryptoname}
@string{crypto94name  = cryptoname}
@string{crypto95name  = cryptoname}
@string{crypto96name  = cryptoname}
@string{crypto97name  = cryptoname}
@string{crypto98name  = cryptoname}
@string{crypto99name  = cryptoname}
@string{crypto00name  = cryptoname}
@string{crypto01name  = cryptoname}
@string{crypto02name  = cryptoname}
@string{crypto03name  = cryptoname#"~2003"}
@string{crypto04name  = cryptoname}
@string{crypto05name  = cryptoname}
@string{crypto06name  = cryptoname}
@string{crypto07name  = cryptoname}
@string{crypto08name  = cryptoname}
@string{crypto09name  = cryptoname}
@string{crypto10name  = cryptoname}
@string{crypto11name  = cryptoname}
@string{crypto12name  = cryptoname}
@string{crypto13name1 = cryptoname}
@string{crypto13name2 = cryptoname}
@string{crypto14name1 = cryptoname#"~2014, Part~I"}
@string{crypto14name2 = cryptoname#"~2014, Part~II"}
@string{crypto15name1 = cryptoname#"~2015, Part~I"}
@string{crypto15name2 = cryptoname#"~2015, Part~II"}
@string{crypto16name1 = cryptoname}
@string{crypto16name2 = cryptoname}
@string{crypto16name3 = cryptoname}
@string{crypto17name1 = cryptoname#"~2017, Part~I"}
@string{crypto17name2 = cryptoname#"~2017, Part~II"}
@string{crypto17name3 = cryptoname#"~2017, Part~III"}

@string{cryptopub = springer}

@string{crypto98vol  = "1462"}
@string{crypto99vol  = "1666"}
@string{crypto00vol  = "1880"}
@string{crypto01vol  = "2139"}
@string{crypto02vol  = "2442"}
@string{crypto03vol  = "2729"}
@string{crypto04vol  = "3152"}
@string{crypto05vol  = "3621"}
@string{crypto06vol  = "4117"}
@string{crypto07vol  = "4622"}
@string{crypto08vol  = "5157"}
@string{crypto09vol  = "5677"}
@string{crypto10vol  = "6223"}
@string{crypto11vol  = "6841"}
@string{crypto12vol  = "7417"}
@string{crypto13vol1 =          "8042"}
@string{crypto13vol2 =          "8043"}
@string{crypto14vol1 =          "8616"}
@string{crypto14vol2 =          "8617"}
@string{crypto15vol1 =          "9215"}
@string{crypto15vol2 =          "9216"}

%------------------------------------------------------------------
%                          Eurocrypt
%------------------------------------------------------------------

@string{eurocryptname  =
 "\ifnum\shortbib=1{Eurocrypt }\else{Advances in Cryptology---Eurocrypt}\fi"}
@string{eurocryptpub = "Springer"}

@string{eurocrypt82name  = eurocryptname}
@string{eurocrypt84name  = eurocryptname}
@string{eurocrypt85name  = eurocryptname}
@string{eurocrypt86name  = eurocryptname}
@string{eurocrypt87name  = eurocryptname}
@string{eurocrypt88name  = eurocryptname}
@string{eurocrypt89name  = eurocryptname}
@string{eurocrypt90name  = eurocryptname}
@string{eurocrypt91name  = eurocryptname}
@string{eurocrypt92name  = eurocryptname}
@string{eurocrypt93name  = eurocryptname}
@string{eurocrypt94name  = eurocryptname}
@string{eurocrypt95name  = eurocryptname}
@string{eurocrypt96name  = eurocryptname}
@string{eurocrypt97name  = eurocryptname}
@string{eurocrypt98name  = eurocryptname}
@string{eurocrypt99name  = eurocryptname}
@string{eurocrypt00name  = eurocryptname#"~2000"}
@string{eurocrypt01name  = eurocryptname}
@string{eurocrypt02name  = eurocryptname}
@string{eurocrypt03name  = eurocryptname}
@string{eurocrypt04name  = eurocryptname}
@string{eurocrypt05name  = eurocryptname}
@string{eurocrypt06name  = eurocryptname}
@string{eurocrypt07name  = eurocryptname}
@string{eurocrypt08name  = eurocryptname}
@string{eurocrypt09name  = eurocryptname}
@string{eurocrypt10name  = eurocryptname}
@string{eurocrypt11name  = eurocryptname}
@string{eurocrypt12name  = eurocryptname}
@string{eurocrypt13name  = eurocryptname}
@string{eurocrypt14name  = eurocryptname#"~2014"}
@string{eurocrypt15name1 = eurocryptname#"~2015, Part~I"}
@string{eurocrypt15name2 = eurocryptname#"~2015, Part~II"}
@string{eurocrypt16name1 = eurocryptname}
@string{eurocrypt16name2 = eurocryptname}
@string{eurocrypt17name1 = eurocryptname#"~2017, Part~I"}
@string{eurocrypt17name2 = eurocryptname#"~2017, Part~II"}
@string{eurocrypt17name3 = eurocryptname#"~2017, Part~III"}
@string{eurocrypt18name1 = eurocryptname#"~2018, Part~I"}
@string{eurocrypt18name2 = eurocryptname#"~2018, Part~II"}
@string{eurocrypt18name3 = eurocryptname#"~2018, Part~III"}

@string{eurocrypt00vol  = "1807"}
@string{eurocrypt14vol =        "8441"}
@string{eurocrypt15vol1 =       "9056"}
@string{eurocrypt15vol2 =       "9057"}

%------------------------------------------------------------------
%                          ASIACRYPT
%------------------------------------------------------------------

@string{asiacryptname  = "\ifnum\shortbib=1{Asiacrypt}\else{Advances in
Cryptology---Asiacrypt}\fi"}
@string{asiacryptpub = springer}


@string{asiacrypt90name  = asiacryptname}
@string{asiacrypt91name  = asiacryptname}
@string{asiacrypt92name  = asiacryptname}
@string{asiacrypt93name  = asiacryptname}
@string{asiacrypt94name  = asiacryptname}
@string{asiacrypt95name  = asiacryptname}
@string{asiacrypt96name  = asiacryptname}
@string{asiacrypt97name  = asiacryptname}
@string{asiacrypt98name  = asiacryptname}
@string{asiacrypt99name  = asiacryptname}
@string{asiacrypt00name  = asiacryptname}
@string{asiacrypt01name  = asiacryptname}
@string{asiacrypt02name  = asiacryptname}
@string{asiacrypt03name  = asiacryptname}
@string{asiacrypt04name  = asiacryptname}
@string{asiacrypt05name  = asiacryptname}
@string{asiacrypt06name  = asiacryptname}
@string{asiacrypt07name  = asiacryptname}
@string{asiacrypt08name  = asiacryptname}
@string{asiacrypt09name  = asiacryptname}
@string{asiacrypt10name  = asiacryptname}
@string{asiacrypt11name  = asiacryptname}
@string{asiacrypt12name  = asiacryptname}
@string{asiacrypt13name1 = asiacryptname}
@string{asiacrypt13name2 = asiacryptname}
@string{asiacrypt14name1 = asiacryptname}
@string{asiacrypt14name2 = asiacryptname}
@string{asiacrypt15name1 = asiacryptname}
@string{asiacrypt15name2 = asiacryptname}
@string{asiacrypt16name1 = asiacryptname}
@string{asiacrypt16name2 = asiacryptname}
@string{asiacrypt17name1 = asiacryptname#"~2017, Part~I"}
@string{asiacrypt17name2 = asiacryptname#"~2017, Part~II"}
@string{asiacrypt17name3 = asiacryptname#"~2017, Part~III"}
@string{asiacrypt18name1 = asiacryptname}
@string{asiacrypt18name2 = asiacryptname}
@string{asiacrypt18name3 = asiacryptname}

%------------------------------------------------------------------
%                           FSE
%------------------------------------------------------------------

@string{fsename  = "\ifnum\shortbib=1{FSE}\else{Fast Software
Encryption (FSE)}\fi"}
@string{fsepub = springer}

@string{fse93name  = fsename}
@string{fse94name  = fsename}
@string{fse95name  = fsename}
@string{fse96name  = fsename}
@string{fse97name  = fsename}
@string{fse98name  = fsename}
@string{fse99name  = fsename}
@string{fse00name  = fsename}
@string{fse01name  = fsename}
@string{fse02name  = fsename}
@string{fse03name  = fsename}
@string{fse04name  = fsename}
@string{fse05name  = fsename}
@string{fse06name  = fsename}
@string{fse07name  = fsename}
@string{fse08name  = fsename}
@string{fse09name  = fsename#"~2009"}
@string{fse10name  = fsename}
@string{fse11name  = fsename}
@string{fse12name  = fsename}
@string{fse13name  = fsename}
@string{fse14name  = fsename}
@string{fse15name  = fsename}
@string{fse16name  = fsename}
@string{fse17name  = fsename}
@string{fse18name  = fsename}

%------------------------------------------------------------------
%                           CHES
%------------------------------------------------------------------

@string{chesname  = "\ifnum\shortbib=1{CHES}\else{Cryptographic
Hardware and Embedded Systems  -- {CHES}}\fi"}
@string{chespub = springer}

@string{ches99name  = chesname # "'99"}
@string{ches00name  = chesname # "~2000"}
@string{ches01name  = chesname # "~2001"}
@string{ches02name  = chesname # "~2002"}
@string{ches03name  = chesname # "~2003"}
@string{ches04name  = chesname # "~2004"}
@string{ches05name  = chesname # "~2005"}
@string{ches06name  = chesname # "~2006"}
@string{ches07name  = chesname # "~2007"}
@string{ches08name  = chesname # "~2008"}
@string{ches09name  = chesname # "~2009"}
@string{ches10name  = chesname # "~2010"}


%------------------------------------------------------------------
%                          PODC
%------------------------------------------------------------------

@string{podcname = "\ifnum\shortbib=1{ACM PODC}\else{Annual ACM Symposium
on Principles of Distributed Computing (PODC)}\fi"}
@string{podcpub = "{ACM} Press"}

@string{podc82name  = "1st " # podcname}
@string{podc83name  = "2nd " # podcname}
@string{podc84name  = "3rd " # podcname}
@string{podc85name  = "4th " # podcname}
@string{podc86name  = "5th " # podcname}
@string{podc87name  = "6th " # podcname}
@string{podc88name  = "7th " # podcname}
@string{podc89name  = "8th " # podcname}
@string{podc90name  = "9th " # podcname}
@string{podc91name  = "10th " # podcname}
@string{podc92name  = "11th " # podcname}
@string{podc93name  = "12th " # podcname}
@string{podc94name  = "13th " # podcname}
@string{podc95name  = "14th " # podcname}
@string{podc96name  = "15th " # podcname}
@string{podc97name  = "16th " # podcname}
@string{podc98name  = "17th " # podcname}
@string{podc99name  = "18th " # podcname}
@string{podc00name  = "19th " # podcname}
@string{podc01name  = "20th " # podcname}
@string{podc02name  = "21st " # podcname}
@string{podc03name  = "22nd " # podcname}
@string{podc04name  = "23rd " # podcname}
@string{podc05name  = "24th " # podcname}
@string{podc06name  = "25th " # podcname}
@string{podc07name  = "26th " # podcname}
@string{podc08name  = "27th " # podcname}
@string{podc09name  = "28th " # podcname}
@string{podc10name  = "29th " # podcname}

%------------------------------------------------------------------
%                          FOCS
%------------------------------------------------------------------

@string{focsname = "\ifnum\shortbib=1{FOCS}\else{Annual Symposium on
Foundations of Computer Science (FOCS)}\fi"}
@string{focsed = ""}
@string{focspub = "{IEEE}"}

@string{focs80name  = "21st " # focsname}
@string{focs81name  = "22nd " # focsname}
@string{focs82name  = "23rd " # focsname}
@string{focs83name  = "24th " # focsname}
@string{focs84name  = "25th " # focsname}
@string{focs85name  = "26th " # focsname}
@string{focs86name  = "27th " # focsname}
@string{focs87name  = "28th " # focsname}
@string{focs88name  = "29th " # focsname}
@string{focs89name  = "30th " # focsname}
@string{focs90name  = "31st " # focsname}
@string{focs91name  = "32nd " # focsname}
@string{focs92name  = "33rd " # focsname}
@string{focs93name  = "34th " # focsname}
@string{focs94name  = "35th " # focsname}
@string{focs95name  = "36th " # focsname}
@string{focs96name  = "37th " # focsname}
@string{focs97name  = "38th " # focsname}
@string{focs98name  = "39th " # focsname}
@string{focs99name  = "40th " # focsname}
@string{focs00name  = "41st " # focsname}
@string{focs01name  = "42nd " # focsname}
@string{focs02name  = "43rd " # focsname}
@string{focs03name  = "44th " # focsname}
@string{focs04name  = "45th " # focsname}
@string{focs05name  = "46th " # focsname}
@string{focs06name  = "47th " # focsname}
@string{focs07name  = "48th " # focsname}
@string{focs08name  = "49th " # focsname}
@string{focs09name  = "50th " # focsname}
@string{focs10name  = "51st " # focsname}
@string{focs13name  = "54th " # focsname}


%------------------------------------------------------------------
%                          STOC
%------------------------------------------------------------------

@string{stocname = "\ifnum\shortbib=1{ACM STOC}\else{Annual {ACM} Symposium
on Theory of Computing (STOC)}\fi"}
@string{stoced = ""}
@string{stocpub = "{ACM} Press"}


@string{stoc76name = "8th " # stocname}
@string{stoc80name  = "12th " # stocname}
@string{stoc81name  = "13th " # stocname}
@string{stoc82name  = "14th " # stocname}
@string{stoc83name  = "15th " # stocname}
@string{stoc84name  = "16th " # stocname}
@string{stoc85name  = "17th " # stocname}
@string{stoc86name  = "18th " # stocname}
@string{stoc87name  = "19th " # stocname}
@string{stoc88name  = "20th " # stocname}
@string{stoc89name  = "21st " # stocname}
@string{stoc90name  = "22nd " # stocname}
@string{stoc91name  = "23rd " # stocname}
@string{stoc92name  = "24th " # stocname}
@string{stoc93name  = "25th " # stocname}
@string{stoc94name  = "26th " # stocname}
@string{stoc95name  = "27th " # stocname}
@string{stoc96name  = "28th " # stocname}
@string{stoc97name  = "29th " # stocname}
@string{stoc98name  = "30th " # stocname}
@string{stoc99name  = "31st " # stocname}
@string{stoc00name  = "32nd " # stocname}
@string{stoc01name  = "33rd " # stocname}
@string{stoc02name  = "34th " # stocname}
@string{stoc03name  = "35th " # stocname}
@string{stoc04name  = "36th " # stocname}
@string{stoc05name  = "37th " # stocname}
@string{stoc06name  = "38th " # stocname}
@string{stoc07name  = "39th " # stocname}
@string{stoc08name  = "40th " # stocname}
@string{stoc09name  = "41st " # stocname}
@string{stoc10name  = "42nd " # stocname}
@string{stoc14name  = "46th " # stocname}
%------------------------------------------------------------------
%                          SODA
%------------------------------------------------------------------

@string{sodaname = "\ifnum\shortbib=1{SODA}\else{Annual {ACM}-{SIAM} Symposium
on Discrete Algorithms (SODA)}\fi"}
@string{sodapub = "{ACM-SIAM}"}

@string{soda90name  = "1st " # sodaname}
@string{soda91name  = "2nd " # sodaname}
@string{soda92name  = "3rd " # sodaname}
@string{soda93name  = "4th " # sodaname}
@string{soda94name  = "5th " # sodaname}
@string{soda95name  = "6th " # sodaname}
@string{soda96name  = "7th " # sodaname}
@string{soda97name  = "8th " # sodaname}
@string{soda98name  = "9th " # sodaname}
@string{soda99name  = "10th " # sodaname}
@string{soda00name  = "11th " # sodaname}
@string{soda01name  = "12th " # sodaname}
@string{soda02name  = "13th " # sodaname}
@string{soda03name  = "14th " # sodaname}
@string{soda04name  = "15th " # sodaname}
@string{soda05name  = "16th " # sodaname}
@string{soda06name  = "17th " # sodaname}
@string{soda07name  = "18th " # sodaname}
@string{soda08name  = "19th " # sodaname}
@string{soda09name  = "20th " # sodaname}
@string{soda10name  = "21st " # sodaname}

%------------------------------------------------------------------
%                          ACM CCS
%------------------------------------------------------------------

@string{ccsname = "\ifnum\shortbib=1{}\else{ACM Conf.\ on Computer and
Communications Security (CCS)}\fi"}
@string{ccsed = ""}
@string{ccspub = "{ACM} Press"}

@string{ccs93name  = ccsname}
@string{ccs94name  = ccsname}
@string{ccs95name  = ccsname}
@string{ccs96name  = ccsname}
@string{ccs97name  = ccsname}
@string{ccs98name  = ccsname}
@string{ccs99name  = ccsname}
@string{ccs00name  = ccsname}
@string{ccs01name  = ccsname}
@string{ccs02name  = ccsname}
@string{ccs03name  = ccsname}
@string{ccs04name  = ccsname}
@string{ccs05name  = ccsname}
@string{ccs06name  = ccsname}
@string{ccs07name  = ccsname}
@string{ccs08name  = ccsname}
@string{ccs09name  = ccsname}
@string{ccs10name  = ccsname}
@string{ccs11name  = ccsname}
@string{ccs12name  = ccsname}
@string{ccs13name  = ccsname}
@string{ccs14name  = ccsname}
@string{ccs15name  = ccsname}
@string{ccs16name  = ccsname}
@string{ccs17name  = ccsname}
@string{ccs18name  = ccsname}
@string{ccs19name  = ccsname}

%------------------------------------------------------------------
%                          ASIACCS
%------------------------------------------------------------------

@string{asiaccsname = "\ifnum\shortbib=1{}\else{ACM Symp.\ on Information,
Computer, and Communications Security}\fi"}
@string{asiaccsed = ""}
@string{asiaccspub = "{ACM} Press"}

@string{asiaccs06name  = "ASIACCS 06\ifnum\shortbib=0{: 1st }\fi" # asiaccsname}
@string{asiaccs07name  = "ASIACCS 07\ifnum\shortbib=0{: 2nd }\fi" # asiaccsname}
@string{asiaccs08name  = "ASIACCS 2008\ifnum\shortbib=0{: 3rd }\fi" # asiaccsname}
@string{asiaccs09name  = "ASIACCS 09\ifnum\shortbib=0{: 4th }\fi" # asiaccsname}
@string{asiaccs10name  = "ASIACCS 10\ifnum\shortbib=0{: 5th }\fi" # asiaccsname}

%------------------------------------------------------------------
%                          NDSS
%------------------------------------------------------------------

@string{ndssname =
 "\ifnum\shortbib=1{NDSS}\else{Network and Distributed System Security
Symposium}\fi"}
@string{ndssed = ""}
@string{ndsspub = "The Internet Society"}

@string{ndss97name  = ndssname}
@string{ndss98name  = ndssname}
@string{ndss99name  = ndssname}
@string{ndss00name  = ndssname}
@string{ndss01name  = ndssname}
@string{ndss02name  = ndssname}
@string{ndss03name  = ndssname}
@string{ndss04name  = ndssname}
@string{ndss05name  = ndssname}
@string{ndss06name  = ndssname}
@string{ndss07name  = ndssname}
@string{ndss08name  = ndssname}
@string{ndss09name  = ndssname}
@string{ndss10name  = ndssname}
@string{ndss11name  = ndssname}
@string{ndss12name  = ndssname}
@string{ndss13name  = ndssname}
@string{ndss14name  = ndssname}
@string{ndss15name  = ndssname}
@string{ndss16name  = ndssname}
@string{ndss17name  = ndssname}
@string{ndss18name  = ndssname}
@string{ndss19name  = ndssname}

%------------------------------------------------------------------
%                           RSA
%------------------------------------------------------------------

@string{rsaname =
 "\ifnum\shortbib=1{CT-RSA}\else{Cryptographers' Track---RSA}\fi"}
@string{rsapub = springer}

@string{rsa01name  = rsaname}
@string{rsa02name  = rsaname}
@string{rsa03name  = rsaname}
@string{rsa04name  = rsaname}
@string{rsa05name  = rsaname}
@string{rsa06name  = rsaname}
@string{rsa07name  = rsaname}
@string{rsa08name  = rsaname}
@string{rsa09name  = rsaname}
@string{rsa10name  = rsaname}
@string{rsa11name  = rsaname}
@string{rsa12name  = rsaname}
@string{rsa13name  = rsaname}
@string{rsa14name  = rsaname}
@string{rsa15name  = rsaname}
@string{rsa16name  = rsaname}
@string{rsa17name  = rsaname}
@string{rsa18name  = rsaname}
@string{rsa19name  = rsaname}


%------------------------------------------------------------------
%                           FC
%------------------------------------------------------------------
@string{fcname = "\ifnum\shortbib=1{FC}\else{Financial Cryptography and Data Security (FC)}\fi"}
@string{fcpub = springer}

@string{fc97name  = fcname}
@string{fc98name  = fcname}
@string{fc99name  = fcname}
@string{fc00name  = fcname}
@string{fc01name  = fcname}
@string{fc02name  = fcname}
@string{fc03name  = fcname}
@string{fc04name  = fcname}
@string{fc05name  = fcname}
@string{fc06name  = fcname}
@string{fc07name  = fcname}
@string{fc08name  = fcname}
@string{fc09name  = fcname}
@string{fc10name  = fcname}
@string{fc11name  = fcname}
@string{fc12name  = fcname}
@string{fc13name  = fcname}
@string{fc14name  = fcname}
@string{fc15name  = fcname}
@string{fc16name  = fcname}
@string{fc17name  = fcname}
@string{fc18name  = fcname}
@string{fc19name  = fcname}

%------------------------------------------------------------------
%                           PKC
%------------------------------------------------------------------

@string{pkcname_v1 = "\ifnum\shortbib=1{}\else{Intl.\ Workshop
                      on Theory and Practice in Public Key Cryptography}\fi"}
@string{pkcname_v2 = "\ifnum\shortbib=1{}\else{Intl.\ Conference
                      on Theory and Practice of Public Key Cryptography}\fi"}
@string{pkcpub = springer}

@string{pkc98name  = pkcname_v1}
@string{pkc99name  = pkcname_v1}
@string{pkc00name  = pkcname_v1}
@string{pkc01name  = pkcname_v1}
@string{pkc02name  = pkcname_v1}
@string{pkc03name  = pkcname_v1}
@string{pkc04name  = pkcname_v1}
@string{pkc05name  = pkcname_v1}
@string{pkc06name  = pkcname_v2}
@string{pkc07name  = pkcname_v2}
@string{pkc08name  = pkcname_v2}
@string{pkc09name  = pkcname_v2}
@string{pkc10name  = pkcname_v2}
@string{pkc11name  = pkcname_v2}
@string{pkc12name  = pkcname_v2}
@string{pkc13name  = pkcname_v2}
@string{pkc14name  = pkcname_v2}
@string{pkc15name  = pkcname_v2}
@string{pkc16name  = pkcname_v2}
@string{pkc17name  = pkcname_v2}
@string{pkc18name  = pkcname_v2}
@string{pkc19name  = pkcname_v2}

%------------------------------------------------------------------
%                           INDOCRYPT
%------------------------------------------------------------------

@string{indocryptname = "\ifnum\shortbib=1{INDOCRYPT}\else{Progress
                         in Cryptology (Indocrypt)}\fi"}
@string{indocryptpub = springer}

@string{indocrypt00name  = indocryptname}
@string{indocrypt01name  = indocryptname}
@string{indocrypt02name  = indocryptname}
@string{indocrypt03name  = indocryptname}
@string{indocrypt04name  = indocryptname}
@string{indocrypt05name  = indocryptname}
@string{indocrypt06name  = indocryptname}
@string{indocrypt07name  = indocryptname}
@string{indocrypt08name  = indocryptname}
@string{indocrypt09name  = indocryptname}
@string{indocrypt10name  = indocryptname}
@string{indocrypt11name  = indocryptname}
@string{indocrypt12name  = indocryptname}
@string{indocrypt13name  = indocryptname}
@string{indocrypt14name  = indocryptname}
@string{indocrypt15name  = indocryptname}
@string{indocrypt16name  = indocryptname}
@string{indocrypt17name  = indocryptname}
@string{indocrypt18name  = indocryptname}

%------------------------------------------------------------------
%                      IEEE S & P
%------------------------------------------------------------------

@string{ieeespname = "{IEEE} Symposium on Security and Privacy"}
@string{ieeesped = ""}
@string{ieeesppub = ""}

@string{ieeesp90name  = ieeespname}
@string{ieeesp91name  = ieeespname}
@string{ieeesp92name  = ieeespname}
@string{ieeesp93name  = ieeespname}
@string{ieeesp94name  = ieeespname}
@string{ieeesp95name  = ieeespname}
@string{ieeesp96name  = ieeespname}
@string{ieeesp97name  = ieeespname}
@string{ieeesp98name  = ieeespname}
@string{ieeesp99name  = ieeespname}
@string{ieeesp00name  = ieeespname}
@string{ieeesp01name  = ieeespname}
@string{ieeesp02name  = ieeespname}
@string{ieeesp03name  = ieeespname}
@string{ieeesp04name  = ieeespname}
@string{ieeesp05name  = ieeespname}
@string{ieeesp06name  = ieeespname}
@string{ieeesp07name  = ieeespname}
@string{ieeesp08name  = ieeespname}
@string{ieeesp09name  = ieeespname}
@string{ieeesp10name  = ieeespname}
@string{ieeesp11name  = ieeespname}
@string{ieeesp12name  = ieeespname}
@string{ieeesp13name  = ieeespname}
@string{ieeesp14name  = ieeespname}
@string{ieeesp15name  = ieeespname}
@string{ieeesp16name  = ieeespname}
@string{ieeesp17name  = ieeespname}
@string{ieeesp18name  = ieeespname}
@string{ieeesp19name  = ieeespname}

%------------------------------------------------------------------
%                          SCN
%------------------------------------------------------------------

@string{scnoldname = "\ifnum\shortbib=1{}\else{Intl.\ Conf.\
                   on Security in Communication Networks (SCN)}\fi"}
@string{scnnewname = "\ifnum\shortbib=1{}\else{Intl.\ Conf.\
                   on Security and Cryptography for Networks (SCN)}\fi"}
@string{scnpub = springer}

@string{scn96name  = scnoldname}
@string{scn97name  = scnoldname}
@string{scn98name  = scnoldname}
@string{scn99name  = scnoldname}
@string{scn00name  = scnoldname}
@string{scn01name  = scnoldname}
@string{scn02name  = scnoldname}
@string{scn03name  = scnoldname}
@string{scn04name  = scnoldname}
@string{scn05name  = scnoldname}
@string{scn06name  = scnnewname}
@string{scn07name  = scnnewname}
@string{scn08name  = scnnewname}
@string{scn09name  = scnnewname}
@string{scn10name  = scnnewname}
@string{scn11name  = scnnewname}
@string{scn12name  = scnnewname}
@string{scn13name  = scnnewname}
@string{scn14name  = scnnewname}
@string{scn15name  = scnnewname}
@string{scn16name  = scnnewname}
@string{scn17name  = scnnewname}
@string{scn18name  = scnnewname}
@string{scn19name  = scnnewname}


%------------------------------------------------------------------
%                          CQRE
%------------------------------------------------------------------

@string{cqrename = "\ifnum\shortbib=1{CQRE}\else{International
Exhibition and Congress on Network Security -- {CQRE}}\fi"}
@string{cqrepub = springer}

@string{cqre99name   = cqrename # "'99"}


%------------------------------------------------------------------
%                          TRUSTBUS
%------------------------------------------------------------------

@string{trustbusname  = "\ifnum\shortbib=1{}\else{International Conference}\fi"}
@string{trustbuspub = springer}

@string{trustbus04name  = "TrustBus 2004\ifnum\shortbib=0{: Trust and Privacy in Digital Business, 1st }\fi" # trustbusname}
@string{trustbus05name  = "TrustBus 2005\ifnum\shortbib=0{: Trust and Privacy in Digital Business, 2nd }\fi" # trustbusname}
@string{trustbus06name  = "TrustBus 2006\ifnum\shortbib=0{: Trust and Privacy in Digital Business, 3rd }\fi" # trustbusname}
@string{trustbus07name  = "TrustBus 2007\ifnum\shortbib=0{: Trust and Privacy in Digital Business, 4th }\fi" # trustbusname}
@string{trustbus08name  = "TrustBus 2008\ifnum\shortbib=0{: Trust and Privacy in Digital Business, 5th }\fi" # trustbusname}
@string{trustbus09name  = "TrustBus 2009\ifnum\shortbib=0{: Trust and Privacy in Digital Business, 6th }\fi" # trustbusname}
@string{trustbus10name  = "TrustBus 2010\ifnum\shortbib=0{: Trust and Privacy in Digital Business, 7th }\fi" # trustbusname}


%------------------------------------------------------------------
%                          LATIN
%------------------------------------------------------------------

@string{latinname  = "\ifnum\shortbib=1{}\else{Latin American Symposium}\fi"}
@string{latinpub = springer}

@string{latin92name  = "LATIN 1992\ifnum\shortbib=0{: Theoretical Informatics, 1st }\fi" # latinname}
@string{latin95name  = "LATIN 1995\ifnum\shortbib=0{: Theoretical Informatics, 2nd }\fi" # latinname}
@string{latin98name  = "LATIN 1998\ifnum\shortbib=0{: Theoretical Informatics, 3rd }\fi" # latinname}
@string{latin00name  = "LATIN 2000\ifnum\shortbib=0{: Theoretical Informatics, 4th }\fi" # latinname}
@string{latin02name  = "LATIN 2002\ifnum\shortbib=0{: Theoretical Informatics, 5th }\fi" # latinname}
@string{latin04name  = "LATIN 2004\ifnum\shortbib=0{: Theoretical Informatics, 6th }\fi" # latinname}
@string{latin06name  = "LATIN 2006\ifnum\shortbib=0{: Theoretical Informatics, 7th }\fi" # latinname}
@string{latin08name  = "LATIN 2008\ifnum\shortbib=0{: Theoretical Informatics, 8th }\fi" # latinname}
@string{latin10name  = "LATIN 2010\ifnum\shortbib=0{: Theoretical Informatics, 9th }\fi" # latinname}

%------------------------------------------------------------------
%                           VIETCRYPT
%------------------------------------------------------------------

@string{vietcryptname = "\ifnum\shortbib=0{International Conference
on Cryptology in Vietnam}\fi"}
@string{vietcryptpub = springer}
@string{vietcrypt06  = "VIETCRYPT06"}

@string{vietcrypt06name  = "Progress in Cryptology - VIETCRYPT 06\ifnum\shortbib=0{: 1st }\fi" # vietcryptname}

%------------------------------------------------------------------
%                           ESORICS
%------------------------------------------------------------------

@string{esoricsname = "\ifnum\shortbib=1{}\else{European Symposium
                      on Research in Computer Security (ESORICS)}\fi"}
@string{esoricspub = springer}

@string{esorics90name  = "ESORICS'90\ifnum\shortbib=0{: 1st }\fi" # esoricsname}
@string{esorics92name  = "ESORICS'92\ifnum\shortbib=0{: 2nd }\fi" # esoricsname}
@string{esorics94name  = "ESORICS'94\ifnum\shortbib=0{: 3rd }\fi" # esoricsname}
@string{esorics96name  = "ESORICS'96\ifnum\shortbib=0{: 4th }\fi" # esoricsname}
@string{esorics98name  = "ESORICS'98\ifnum\shortbib=0{: 5th }\fi" # esoricsname}
@string{esorics00name  = "ESORICS~2000\ifnum\shortbib=0{: 6th }\fi" # esoricsname}
@string{esorics02name  = "ESORICS~2002\ifnum\shortbib=0{: 7th }\fi" # esoricsname}
@string{esorics03name  = "ESORICS~2003\ifnum\shortbib=0{: 8th }\fi" # esoricsname}
@string{esorics04name  = "ESORICS~2004\ifnum\shortbib=0{: 9th }\fi" # esoricsname}
@string{esorics05name  = "ESORICS~2005\ifnum\shortbib=0{: 10th }\fi" # esoricsname}
@string{esorics06name  = "ESORICS~2006\ifnum\shortbib=0{: 11th }\fi" # esoricsname}
@string{esorics07name  = "ESORICS~2007\ifnum\shortbib=0{: 12th }\fi" # esoricsname}
@string{esorics08name  = "ESORICS~2008\ifnum\shortbib=0{: 13th }\fi" # esoricsname}
@string{esorics09name  = "\ifnum\shortbib=0{14th }\fi" # esoricsname}
@string{esorics10name  = "ESORICS~2010\ifnum\shortbib=0{: 15th }\fi" # esoricsname}
@string{esorics11name = "ESORICS~2011"}


%------------------------------------------------------------------
%                          PAIRING
%------------------------------------------------------------------

@string{pairingname = "\ifnum\shortbib=1{}\else{International Conference
                   on Pairing-based Cryptography}\fi"}
@string{pairingpub = springer}

@string{pairing07name  = "PAIRING 2007\ifnum\shortbib=0{: 1st }\fi" # pairingname}
@string{pairing08name  = "PAIRING 2008\ifnum\shortbib=0{: 2nd }\fi" # pairingname}
@string{pairing09name  = "PAIRING 2009\ifnum\shortbib=0{: 3rd }\fi" # pairingname}
@string{pairing10name  = "PAIRING 2010\ifnum\shortbib=0{: 4th }\fi" # pairingname}
