@inproceedings{DBLP:conf/sacrypt/Patarin08,
	author    = {Jacques Patarin},
	title     = "{The ``Coefficients H'' Technique}",
	booktitle = {{SAC} 2008},
	pages     = {328--345},
	year      = {2008},
}

@article{EC:Dodis19,
	author    = {Yevgeniy Dodis},
	title     = "{Small Box Cryptography and The Provable Security of SPNs}",
	journal   = {EUROCRYPT 2018 rump session},
	year      = {2018},
}

@article{DBLP:journals/jmc/LuykxMPW15,
  author    = {Atul Luykx and
               Bart Mennink and
               Bart Preneel and
               Laura Winnen},
  title     = "{Two-permutation-based hashing with binary mixing}",
  journal   = {J. Mathematical Cryptology},
  volume    = {9},
  number    = {3},
  pages     = {139--150},
  year      = {2015},
}

@article{DESfeistel1975some,
	author={H. Feistel and W. A. Notz and J. L. Smith},
	journal={Proceedings of the IEEE},
	title="{Some Cryptographic Techniques for Machine-to-Machine Data Communications}",
	year={1975},
	volume={63},
	number={11},
	pages={1545--1554},
}

@book{DESsmith1971design,
  title={Design of Lucifer, a Cryptographic Device for Data Communications},
  author={Smith, John Lynn},
  year={1971},
  publisher={IBM Thomas J. Watson Research Center}
}

@article{DEALknudsen1998deal,
  title={DEAL-a 128-bit block cipher},
  author={Knudsen, Lars},
  journal={complexity},
  volume={258},
  number={2},
  pages={216},
  year={1998},
  publisher={Citeseer}
}

@book{DBLP:books/sp/NachefPV17,
  author    = {Val{\'{e}}rie Nachef and
               Jacques Patarin and
               Emmanuel Volte},
  title     = {Feistel Ciphers - Security Proofs and Cryptanalysis},
  publisher = {Springer},
  year      = {2017},
  isbn      = {978-3-319-49528-6},
  timestamp = {Tue, 16 May 2017 14:01:46 +0200},
  biburl    = {https://dblp.org/rec/bib/books/sp/NachefPV17},
  bibsource = {dblp computer science bibliography, https://dblp.org}
}

@article{DBLP:journals/siamcomp/LubyR88,
	author    = {Michael Luby and
	Charles Rackoff},
	title     = "{How to Construct Pseudorandom Permutations from Pseudorandom Functions}",
	journal   = {{SIAM} J. Comput.},
	volume    = {17},
	number    = {2},
	pages     = {373--386},
	year      = {1988},
}

@article{DBLP:journals/dcc/BogdanovS13,
	author    = {Andrey Bogdanov and
	Kyoji Shibutani},
	title     = "{Generalized Feistel networks revisited}",
	journal   = {Des. Codes Cryptography},
	volume    = {66},
	number    = {1-3},
	pages     = {75--97},
	year      = {2013},
	timestamp = {Fri, 30 Nov 2018 13:26:19 +0100},
	biburl    = {https://dblp.org/rec/bib/journals/dcc/BogdanovS13},
	bibsource = {dblp computer science bibliography, https://dblp.org}
}

@article{DBLP:journals/tc/BergerFMT16,
	author    = {Thierry P. Berger and
	Julien Francq and
	Marine Minier and
	Ga{\"{e}}l Thomas},
	title     = "{Extended Generalized Feistel Networks Using Matrix Representation
	to Propose a New Lightweight Block Cipher: Lilliput}",
	journal   = {{IEEE} Trans. Computers},
	volume    = {65},
	number    = {7},
	pages     = {2074--2089},
	year      = {2016},
}

@article{DBLP:journals/tosc/DerbezFLM19,
  author    = {Patrick Derbez and
               Pierre{-}Alain Fouque and
               Baptiste Lambin and
               Victor Mollimard},
  title     = "{Efficient Search for Optimal Diffusion Layers of Generalized Feistel
               Networks}",
  journal   = {{IACR} Trans. Symmetric Cryptol.},
  volume    = {2019},
  number    = {2},
  pages     = {218--240},
  year      = {2019},
  timestamp = {Mon, 17 Jun 2019 13:28:55 +0200},
  biburl    = {https://dblp.org/rec/bib/journals/tosc/DerbezFLM19},
  bibsource = {dblp computer science bibliography, https://dblp.org}
}




@article{DBLP:TLS-email,
  author    = {Smith, B.},
  title     = "{Pull request: removing the AEAD explicit IV}",
  journal   = {Mail to IETF TLS Working
Group},
  year      = {2015},
}


@article{git:dusk-project,
	title     = "{The Dusk Network Project}",
	year      = {2019},
	url       = {https://github.com/dusk-network/whitepaper},
}


@article{DBLP:journals/bell/shannon,
	author    = {CE Shannon},
	title     = "{Communication theory of secrecy system}",
	journal   = {Bell Syst Tech J},
	year      = {1949},
	number    = {28},
	pages     = {656--715},
}


@article{DBLP:journals/jacm/MilesV15,
	author    = {Eric Miles and
	Emanuele Viola},
	title     = "{Substitution-Permutation Networks, Pseudorandom Functions, and Natural
	Proofs}",
	journal   = {J. {ACM}},
	volume    = {62},
	number    = {6},
	pages     = {46:1--46:29},
	year      = {2015}
}


@article{DBLP:journals/dcc/YunPL11,
	author    = {Aaram Yun and
	Je Hong Park and
	Jooyoung Lee},
	title     = "{On Lai-Massey and quasi-Feistel ciphers}",
	journal   = {Des. Codes Cryptogr.},
	volume    = {58},
	number    = {1},
	pages     = {45--72},
	year      = {2011},
}


@article{DBLP:journals/tosc/16-bit-Sbox,
	author    = {Beg\"{u}l Bilgin and Lauren De Meyer and S\'{e}bastien Duval and Itamar Levi and Fran{\c{c}}ois{-}Xavier Standaert},
	title     = "{Low AND Depth and Efficient Inverses: a Guide	on S-boxes for Low-latency Masking}",
	year      = {2020},
	note     = {To appear at FSE 2020.},
}

@article{Keccak-ref,
	author    = {Guido Bertoni and Joan Daemen and Micha\"{e}l Peeters and Gilles Van~Assche},
	title     = "{The Keccak reference}",
	year      = {2011},
	url       = {http://keccak.noekeon.org/},
}

@book{theory-error-correcting-codes,
	title="{The Theory of Error-Correcting Codes}",
	author={F.J. MacWilliams and N.J.A. Sloane},
	year={1977},
	publisher={Amsterdam: North Holland}
}

@article{DBLP:journals/dcc/BogdanovR14,
	author    = {Andrey Bogdanov and Vincent Rijmen},
	title     = "{Linear hulls with correlation zero and linear
	cryptanalysis of block ciphers}",
	journal   = {Des. Codes Cryptography},
	volume    = {70},
	number    = {3},
	pages     = {369--383},
	year      = {2014},
}

@book{katz-intro-crypto,
	title="{Introduction to Modern Cryptography, 2nd edition}",
	author={Jonathan Katz and Yehuda Lindell},
	year={2015},
	publisher={Chapman \& Hall/CRC Press}
}

