@article{dodis2017provable,
  title={Provable Security of Substitution-Permutation Networks.},
  author={Dodis, Yevgeniy and Katz, Jonathan and Steinberger, John P and Thiruvengadam, Aishwarya and Zhang, Zhe},
  journal={IACR Cryptology ePrint Archive},
  volume={2017},
  pages={16},
  year={2017}
};

@inproceedings{guo2018revisiting,
  title={Revisiting key-alternating Feistel ciphers for shorter keys and multi-user security},
  author={Guo, Chun and Wang, Lei},
  booktitle={International Conference on the Theory and Application of Cryptology and Information Security},
  pages={213--243},
  year={2018},
  organization={Springer}
};

@article{cogliati2018wide,
  title={Wide Tweakable Block Ciphers Based on Substitution-Permutation Networks: Security Beyond the Birthday Bound.},
  author={Cogliati, Beno{\^\i}t and Lee, Jooyoung},
  journal={IACR Cryptology ePrint Archive},
  volume={2018},
  pages={488},
  year={2018}
};

@article{miles2015substitution,
  title={Substitution-permutation networks, pseudorandom functions, and natural proofs},
  author={Miles, Eric and Viola, Emanuele},
  journal={Journal of the ACM (JACM)},
  volume={62},
  number={6},
  pages={1--29},
  year={2015},
  publisher={ACM New York, NY, USA}
};

@phdthesis{daemen1995cipher,
  title={Cipher and hash function design strategies based on linear and differential cryptanalysis},
  author={Daemen, Joan},
  year={1995},
  school={Doctoral Dissertation, March 1995, KU Leuven}
};

@inproceedings{cogliati2015tweaking,
  title={Tweaking even-mansour ciphers},
  author={Cogliati, Beno{\^\i}t and Lampe, Rodolphe and Seurin, Yannick},
  booktitle={Annual Cryptology Conference},
  pages={189--208},
  year={2015},
  organization={Springer}
};

@inproceedings{cogliati2015beyond,
  title={Beyond-birthday-bound security for tweakable Even-Mansour ciphers with linear tweak and key mixing},
  author={Cogliati, Beno{\^\i}t and Seurin, Yannick},
  booktitle={International Conference on the Theory and Application of Cryptology and Information Security},
  pages={134--158},
  year={2015},
  organization={Springer}
};

@inproceedings{hoang2016key,
  title={Key-alternating ciphers and key-length extension: exact bounds and multi-user security},
  author={Hoang, Viet Tung and Tessaro, Stefano},
  booktitle={Annual International Cryptology Conference},
  pages={3--32},
  year={2016},
  organization={Springer}
}
