@inproceedings{SHA-NI,
 author = {Faz-Hernandez, Armando and L\'{o}pez, Julio and de Oliveira, Ana Karina D. S.},
 title = {SoK: A Performance Evaluation of Cryptographic Instruction Sets on Modern Architectures},
 booktitle = {Proceedings of the 5th ACM on ASIA Public-Key Cryptography Workshop},
 series = {APKC '18},
 year = {2018},
 location = {Incheon, Republic of Korea},
 pages = {9--18},
 numpages = {10},
 publisher = {ACM},
} 

@misc{emp-toolkit,
      author = {Xiao Wang and Alex J. Malozemoff and Jonathan Katz},
      title = {{EMP-toolkit: Efficient MultiParty computation toolkit}},
      howpublished = {\url{https://github.com/emp-toolkit}},
      year={2016}
    }
@inproceedings{SoK:MPC,
  author = "Marcella Hastings and Brett Hemenway and Daniel Noble and Steve Zdancewic",
  title = "{SoK}: General Purpose Compilers for Secure Multi-Party Computation",
  booktitle =    ieeesp19name,
  publisher =    ieeesppub,
  year =         2019
}

@article{Sharemind:taxes,
	author = "Dan Bogdanov and Liina Kamm and Baldur Kubo and Reimo Rebane and Ville Sokk and Riivo Talviste",
	title = "Students and Taxes: A Privacy-Preserving Study Using Secure Computation",
    pages     = {117--135}, 
    journal = "Proc.\ Privacy Enhancing Technologies",
    number = 3,
    year = {2016}
}

@misc{libOTe,
    author = {Peter Rindal},
    title = {{libOTe: an efficient, portable, and easy to use Oblivious Transfer Library}},
    howpublished = {\url{https://github.com/osu-crypto/libOTe}},
  note = {41c55052627081363364370ba7f7893b3c413951}
}

@misc{SPDZ2,
  author = {{University of Bristol}},
  title = {Multiparty computation with {SPDZ}, {MASCOT}, and Overdrive offline phases (inactive).},
  year = {2016},
  publisher = {GitHub},
  journal = {GitHub repository},
  howpublished = {\url{https://github.com/bristolcrypto/SPDZ-2}},
  note = {721abfae849625a02ea49aabc534f9cf41ca643f}
}

@misc{libscapi,
  author = {{Bar Ilan Cryptography Research Group}},
  title = {libscapi: {T}he {S}ecure {C}omputation {API}},
  year = {2016},
  publisher = {GitHub},
  journal = {GitHub repository},
}


@misc{APRICOT,
  author = {{University of Bristol}},
  title = {APRICOT: Advanced Protocols for Real-world Implementation of Computational Oblivious Transfers.},
  year = {2016},
  publisher = {GitHub},
  journal = {GitHub repository},
  howpublished = {\url{https://github.com/bristolcrypto/apricot}},
  note = {3760dda51b0080ee0fb79c7184cbe2c00762c2b8}
}

@misc{UBT,
  author = {{Unbound Tech}},
  title = {Protecting cryptographic signing keys and seed secrets with Multi-Party Computation.},
  year = {2018},
  publisher = {GitHub},
  journal = {GitHub repository},
  howpublished = {\url{https://github.com/unbound-tech/blockchain-crypto-mpc}},
  note = {94d5b83dc83e920a668d6e737c0a720c3abca7dc}
}

@article{DBLP:journals/iacr/GrassiR17,
	author    = {Lorenzo Grassi and
	Christian Rechberger},
	title     = "{New Limits for {AES} Known-Key Distinguishers}",
	journal   = {{IACR} Cryptology ePrint Archive},
	volume    = {2017},
	pages     = {255},
	year      = {2017},
	url       = {http://eprint.iacr.org/2017/255},
}


@article{DBLP:journals/jmc/LuykxMPW15,
  author    = {Atul Luykx and
               Bart Mennink and
               Bart Preneel and
               Laura Winnen},
  title     = "{Two-permutation-based hashing with binary mixing}",
  journal   = {J. Mathematical Cryptology},
  pages     = {139--150},
  year      = {2015},
}
@inproceedings{Boston,
 author = {Lapets, Andrei and Jansen, Frederick and Albab, Kinan Dak and Issa, Rawane and Qin, Lucy and Varia, Mayank and Bestavros, Azer},
 title = {Accessible Privacy-Preserving Web-Based Data Analysis for Assessing and Addressing Economic Inequalities},
 booktitle = {Proceedings of the 1st ACM SIGCAS Conference on Computing and Sustainable Societies},
 series = {COMPASS '18},
 year = {2018},
 pages = {48:1--48:5},
 publisher = {ACM},
} 
@ARTICLE{Lee17, 
author={J. Lee}, 
journal={IEEE Transactions on Information Theory}, 
title={Indifferentiability of the Sum of Random Permutations Toward Optimal Security}, 
year={2017}, 
pages={4050-4054}, 
}

@article{DBLP:journals/corr/abs-1810-07428,
	author    = {Chun Guo},
	title     = "{Understanding the Related-Key Security of Feistel Ciphers from a Provable
	Perspective}",
	journal   = {CoRR},
	volume    = {abs/1810.07428},
	year      = {2018},
	url       = {http://arxiv.org/abs/1810.07428},
	archivePrefix = {arXiv},
	eprint    = {1810.07428},
	timestamp = {Tue, 30 Oct 2018 20:39:56 +0100},
	biburl    = {https://dblp.org/rec/bib/journals/corr/abs-1810-07428},
	bibsource = {dblp computer science bibliography, https://dblp.org}
}

@misc{cryptoeprint:2015:1049,
	author = {Thomas Peyrin and Yannick Seurin},
	title = "{Counter-in-Tweak: Authenticated Encryption Modes for Tweakable Block Ciphers. Version 20160524:153228}",
	howpublished = {Cryptology ePrint Archive, Report 2015/1049},
	year = {2015},
}

@article{DBLP:journals/iacr/GuoKW019,
	author    = {Chun Guo and
	Jonathan Katz and
	Xiao Wang and
	Yu Yu},
	title     = "{Efficient and Secure Multiparty Computation from Fixed-Key Block Ciphers}",
	journal   = {{IACR} Cryptology ePrint Archive},
	volume    = {2019},
	pages     = {74},
	year      = {2019},
}


@misc{isapNIST,
	author = {Christoph Dobraunig and Maria Eichlseder and Stefan Mangard and Florian Mendel and Bart Mennink and Robert Primas},
	title = "{ISAP v2.0}",
	howpublished = {Submission to NIST},
	year = {2019},
	note = "{Available: \url{https://csrc.nist.gov/CSRC/media/Projects/Lightweight-Cryptography/documents/round-1/spec-doc/ISAP-spec.pdf}.}",
}

